[gd_scene load_steps=2 format=2]

[ext_resource path="res://ConnectionMenu.gd" type="Script" id=1]

[node name="ConnectionMenu" type="Control"]
anchor_left = 0.5
anchor_top = 0.5
anchor_right = 0.5
anchor_bottom = 0.5
margin_left = -512.0
margin_top = -300.0
margin_right = 512.0
margin_bottom = 300.0
script = ExtResource( 1 )
__meta__ = {
"_edit_use_anchors_": false
}

[node name="Panel" type="Panel" parent="."]
anchor_left = 0.5
anchor_top = 0.5
anchor_right = 0.5
anchor_bottom = 0.5
margin_left = -150.0
margin_top = -200.0
margin_right = 150.0
margin_bottom = 200.0
rect_min_size = Vector2( 300, 400 )

[node name="VBoxContainer" type="VBoxContainer" parent="Panel"]
anchor_right = 1.0
anchor_bottom = 1.0
margin_left = 10.0
margin_top = 10.0
margin_right = -10.0
margin_bottom = -10.0
alignment = 1
__meta__ = {
"_edit_use_anchors_": false
}

[node name="PlayerNameLabel" type="Label" parent="Panel/VBoxContainer"]
margin_top = 94.0
margin_right = 280.0
margin_bottom = 108.0
text = "Player name"
align = 1
valign = 1

[node name="PlayerNameInput" type="LineEdit" parent="Panel/VBoxContainer"]
margin_top = 112.0
margin_right = 280.0
margin_bottom = 136.0
text = "Butterfly"
align = 1

[node name="SessionNameLabel" type="Label" parent="Panel/VBoxContainer"]
margin_top = 140.0
margin_right = 280.0
margin_bottom = 154.0
text = "Session name"
align = 1
valign = 1

[node name="SessionNameInput" type="LineEdit" parent="Panel/VBoxContainer"]
margin_top = 158.0
margin_right = 280.0
margin_bottom = 182.0
text = "CoolRoom"
align = 1

[node name="SessionPassLabel" type="Label" parent="Panel/VBoxContainer"]
margin_top = 186.0
margin_right = 280.0
margin_bottom = 200.0
text = "Session password"
align = 1
valign = 1

[node name="SessionPassInput" type="LineEdit" parent="Panel/VBoxContainer"]
margin_top = 204.0
margin_right = 280.0
margin_bottom = 228.0
align = 1
secret = true

[node name="Label3" type="Label" parent="Panel/VBoxContainer"]
margin_top = 232.0
margin_right = 280.0
margin_bottom = 246.0

[node name="HSeparator1" type="HSeparator" parent="Panel/VBoxContainer"]
margin_top = 250.0
margin_right = 280.0
margin_bottom = 254.0

[node name="HSeparator2" type="HSeparator" parent="Panel/VBoxContainer"]
margin_top = 258.0
margin_right = 280.0
margin_bottom = 262.0

[node name="HBoxContainer" type="HBoxContainer" parent="Panel/VBoxContainer"]
margin_top = 266.0
margin_right = 280.0
margin_bottom = 286.0

[node name="HostButton" type="Button" parent="Panel/VBoxContainer/HBoxContainer"]
margin_right = 138.0
margin_bottom = 20.0
size_flags_horizontal = 3
text = "HOST"

[node name="JoinButton" type="Button" parent="Panel/VBoxContainer/HBoxContainer"]
margin_left = 142.0
margin_right = 280.0
margin_bottom = 20.0
size_flags_horizontal = 3
text = "JOIN"

[connection signal="pressed" from="Panel/VBoxContainer/HBoxContainer/HostButton" to="." method="_on_HostButton_pressed"]
[connection signal="pressed" from="Panel/VBoxContainer/HBoxContainer/JoinButton" to="." method="_on_JoinButton_pressed"]
