[gd_scene load_steps=2 format=2]

[ext_resource path="res://SessionMenu.gd" type="Script" id=1]

[node name="SessionMenu" type="Control"]
anchor_right = 1.0
anchor_bottom = 1.0
script = ExtResource( 1 )
__meta__ = {
"_edit_use_anchors_": false
}

[node name="Panel" type="Panel" parent="."]
anchor_left = 0.5
anchor_top = 0.5
anchor_right = 0.5
anchor_bottom = 0.5
margin_left = -150.0
margin_top = -200.0
margin_right = 150.0
margin_bottom = 200.0
rect_min_size = Vector2( 300, 400 )

[node name="VBoxContainer" type="VBoxContainer" parent="Panel"]
anchor_right = 1.0
anchor_bottom = 1.0
__meta__ = {
"_edit_use_anchors_": false
}

[node name="PlayersContainer" type="VBoxContainer" parent="Panel/VBoxContainer"]
margin_right = 300.0
margin_bottom = 198.0
size_flags_vertical = 3

[node name="HSeparator" type="HSeparator" parent="Panel/VBoxContainer/PlayersContainer"]
margin_right = 300.0
margin_bottom = 4.0

[node name="HSeparator3" type="HSeparator" parent="Panel/VBoxContainer/PlayersContainer"]
margin_top = 8.0
margin_right = 300.0
margin_bottom = 12.0

[node name="Label" type="Label" parent="Panel/VBoxContainer/PlayersContainer"]
margin_top = 16.0
margin_right = 300.0
margin_bottom = 30.0
text = "Player List"
align = 1
valign = 1

[node name="HSeparator2" type="HSeparator" parent="Panel/VBoxContainer/PlayersContainer"]
margin_top = 34.0
margin_right = 300.0
margin_bottom = 38.0

[node name="HSeparator4" type="HSeparator" parent="Panel/VBoxContainer/PlayersContainer"]
margin_top = 42.0
margin_right = 300.0
margin_bottom = 46.0

[node name="VBoxContainer2" type="VBoxContainer" parent="Panel/VBoxContainer"]
margin_top = 202.0
margin_right = 300.0
margin_bottom = 400.0
size_flags_vertical = 3
__meta__ = {
"_edit_use_anchors_": false
}

[node name="HBoxContainer" type="HBoxContainer" parent="Panel/VBoxContainer/VBoxContainer2"]
margin_right = 300.0
margin_bottom = 20.0

[node name="StartSession" type="Button" parent="Panel/VBoxContainer/VBoxContainer2/HBoxContainer"]
margin_right = 148.0
margin_bottom = 20.0
size_flags_horizontal = 3
text = "START"

[node name="LeaveSession" type="Button" parent="Panel/VBoxContainer/VBoxContainer2/HBoxContainer"]
margin_left = 152.0
margin_right = 300.0
margin_bottom = 20.0
size_flags_horizontal = 3
text = "EXIT"

[connection signal="pressed" from="Panel/VBoxContainer/VBoxContainer2/HBoxContainer/StartSession" to="." method="_on_StartSession_pressed"]
[connection signal="pressed" from="Panel/VBoxContainer/VBoxContainer2/HBoxContainer/LeaveSession" to="." method="_on_LeaveSession_pressed"]
